@inproceedings{dai2014rank,
  title={Rank minimization or nuclear-norm minimization: Are we solving the right problem?},
  author={Dai, Yuchao and Li, Hongdong},
  booktitle={2014 International Conference on Digital Image Computing: Techniques and Applications (DICTA)},
  pages={1--8},
  year={2014},
  organization={IEEE}
}

@article{horstmeyer2015solving,
  title={Solving ptychography with a convex relaxation},
  author={Horstmeyer, Roarke and Chen, Richard Y and Ou, Xiaoze and Ames, Brendan and Tropp, Joel A and Yang, Changhuei},
  journal={New journal of physics},
  volume={17},
  number={5},
  pages={053044},
  year={2015},
  publisher={IOP Publishing}
}